<record><leader>00000cas a2200000 a 4500</leader><controlfield tag="001">22433988</controlfield><controlfield tag="008">900925c19219999iluwr ne      0    0eng c</controlfield><datafield ind1=" " ind2=" " tag="010"><subfield code="a">sn 89080056 </subfield></datafield><datafield ind1=" " ind2=" " tag="040"><subfield code="a">NPV</subfield><subfield code="b">eng</subfield><subfield code="c">NPV</subfield><subfield code="d">NVF</subfield><subfield code="d">CVF</subfield><subfield code="d">OCLCQ</subfield><subfield code="d">NVF</subfield><subfield code="d">OCLCF</subfield><subfield code="d">OCLCO</subfield></datafield><datafield ind1="1" ind2=" " tag="029"><subfield code="a">AU@</subfield><subfield code="b">000020607981</subfield></datafield><datafield ind1=" " ind2=" " tag="042"><subfield code="a">pcc</subfield></datafield><datafield ind1=" " ind2=" " tag="043"><subfield code="a">n-us-il</subfield></datafield><datafield ind1="0" ind2="0" tag="245"><subfield code="a">Henry news-Republican.</subfield></datafield><datafield ind1="3" ind2=" " tag="246"><subfield code="a">Henry news Republican</subfield></datafield><datafield ind1=" " ind2=" " tag="260"><subfield code="a">Henry, Ill. :</subfield><subfield code="b">J.E. Carlson and L.E. Dennis,</subfield><subfield code="c">1921-</subfield></datafield><datafield ind1="3" ind2=" " tag="260"><subfield code="3">&lt;Apr. 23, 2003&gt;-</subfield><subfield code="a">Henry, Ill. :</subfield><subfield code="b">Doug Ziegler</subfield></datafield><datafield ind1=" " ind2=" " tag="300"><subfield code="a">v.</subfield></datafield><datafield ind1=" " ind2=" " tag="310"><subfield code="a">Weekly</subfield></datafield><datafield ind1="0" ind2=" " tag="362"><subfield code="a">Vol. 69, no. 50 (June 9, 1921)-</subfield></datafield><datafield ind1=" " ind2=" " tag="500"><subfield code="a">Aug. 15, 1935 issue called also "Centennial-Bridge edition."</subfield></datafield><datafield ind1=" " ind2=" " tag="515"><subfield code="a">Continues the numbering of Henry Republican.</subfield></datafield><datafield ind1=" " ind2=" " tag="530"><subfield code="a">Preservation microfilmed by the University of Illinois at Urbana-Champaign Library as part of the United States Newspaper Program; the year 1921 (on 1 microfilm reel) is available for purchase from OCLC Preservation Service Centers.</subfield></datafield><datafield ind1=" " ind2=" " tag="580"><subfield code="a">Formed by the union of: Henry Republican and: Henry current news.</subfield></datafield><datafield ind1=" " ind2="0" tag="651"><subfield code="a">Henry (Ill.)</subfield><subfield code="v">Newspapers.</subfield></datafield><datafield ind1=" " ind2="0" tag="651"><subfield code="a">Marshall County (Ill.)</subfield><subfield code="v">Newspapers.</subfield></datafield><datafield ind1=" " ind2="0" tag="651"><subfield code="a">Putnam County (Ill.)</subfield><subfield code="v">Newspapers.</subfield></datafield><datafield ind1=" " ind2="7" tag="655"><subfield code="a">Newspapers.</subfield><subfield code="2">fast</subfield><subfield code="0">(OCoLC)fst01423814</subfield></datafield><datafield ind1=" " ind2="7" tag="651"><subfield code="a">Illinois</subfield><subfield code="z">Henry.</subfield><subfield code="2">fast</subfield><subfield code="0">(OCoLC)fst01226730</subfield></datafield><datafield ind1=" " ind2="7" tag="651"><subfield code="a">Illinois</subfield><subfield code="z">Marshall County.</subfield><subfield code="2">fast</subfield><subfield code="0">(OCoLC)fst01221590</subfield></datafield><datafield ind1=" " ind2="7" tag="651"><subfield code="a">Illinois</subfield><subfield code="z">Putnam County.</subfield><subfield code="2">fast</subfield><subfield code="0">(OCoLC)fst01226920</subfield></datafield><datafield ind1=" " ind2=" " tag="752"><subfield code="a">United States</subfield><subfield code="b">Illinois</subfield><subfield code="c">Marshall</subfield><subfield code="d">Henry.</subfield></datafield><datafield ind1="1" ind2="4" tag="780"><subfield code="t">Henry Republican</subfield><subfield code="w">(DLC)sn 85033728</subfield><subfield code="w">(OCoLC)12220545</subfield></datafield><datafield ind1="1" ind2="4" tag="780"><subfield code="t">Henry current news</subfield><subfield code="w">(DLC)sn 90054575</subfield><subfield code="w">(OCoLC)22527832</subfield></datafield></record>